@book{Watkins:2016:PCG:3002419,
 author = {Watkins, Ryan},
 title = {Procedural Content Generation for Unity Game Development},
 year = {2016},
 isbn = {1785287478, 9781785287473},
 publisher = {Packt Publishing},
} 

@book{shaker2016procedural,
author={Shaker, Noor and Togelius, Julian and Nelson, Mark J.},
title={Procedural Content Generation in Games: A Textbook and an Overview of Current Research},
publisher={Springer},
year={2016}
}

@article{sbpcg,
author={Togelius, Julian and Yannakakis, Georgios N. and Stanley, Kenneth O. and Browne, Cameron},
title={Search-based Procedural Content Generation},
year={2016},
url={http://julian.togelius.com/Togelius2010Searchbased.pdf}
}

@book{spufford_2003, place={London}, 
title={Backroom Boys: The Secret Return of the British Boffin}, 
publisher={Faber and Faber}, 
author={Spufford, Francis}, year={2003}}

@article{Perlin:1985:IS:325165.325247,
 author = {Perlin, Ken},
 title = {An Image Synthesizer},
 journal = {SIGGRAPH Comput. Graph.},
 issue_date = {Jul. 1985},
 volume = {19},
 number = {3},
 month = jul,
 year = {1985},
 issn = {0097-8930},
 pages = {287--296},
 numpages = {10},
 url = {http://doi.acm.org/10.1145/325165.325247},
 doi = {10.1145/325165.325247},
 acmid = {325247},
 publisher = {ACM},
 address = {New York, NY, USA},
 keywords = {algorithm development, fire, functional composition, interactive, pixel stream editor, solid texture, space function, stochastic modelling, turbulence, waves},
} 

@article{Hendrikx:2013:PCG:2422956.2422957,
 author = {Hendrikx, Mark and Meijer, Sebastiaan and Van Der Velden, Joeri and Iosup, Alexandru},
 title = {Procedural Content Generation for Games: A Survey},
 journal = {ACM Trans. Multimedia Comput. Commun. Appl.},
 issue_date = {February 2013},
 volume = {9},
 number = {1},
 month = feb,
 year = {2013},
 issn = {1551-6857},
 pages = {1:1--1:22},
 articleno = {1},
 numpages = {22},
 url = {http://doi.acm.org/10.1145/2422956.2422957},
 doi = {10.1145/2422956.2422957},
 acmid = {2422957},
 publisher = {ACM},
 address = {New York, NY, USA},
 keywords = {Game content generation, procedural, survey},
} 

@article{taylor-parberry,
author = {Taylor, Joshua and Parberry, Ian},
year = {2010},
month = {05},
pages = {},
title = {Computerized Clutter: How to Make a Virtual Room Look Lived-in}
}

@online{gct-spelunky,
    title = {How (and Why) Spelunky Makes its Own Levels | Game Maker's Toolkit},
    date = {2016},
    organization = {Youtube},
    author = {Brown, Mark},
    url = {https://www.youtube.com/watch?v=Uqk5Zf0tw3o},
}